<record><leader>00000cas a22000007a 4500</leader><controlfield tag="001">1519310</controlfield><controlfield tag="008">750807d19221927mnuwr ne      0    0eng d</controlfield><datafield ind1=" " ind2=" " tag="010"><subfield code="a">sn 89064711 </subfield></datafield><datafield ind1=" " ind2=" " tag="040"><subfield code="a">MUL</subfield><subfield code="b">eng</subfield><subfield code="c">MUL</subfield><subfield code="d">OCL</subfield><subfield code="d">MN#</subfield><subfield code="d">NSD</subfield><subfield code="d">OCLCQ</subfield><subfield code="d">OCLCF</subfield><subfield code="d">OCLCO</subfield></datafield><datafield ind1="1" ind2=" " tag="029"><subfield code="a">AU@</subfield><subfield code="b">000025860959</subfield></datafield><datafield ind1=" " ind2=" " tag="042"><subfield code="a">msc</subfield></datafield><datafield ind1=" " ind2=" " tag="043"><subfield code="a">n-us-mn</subfield></datafield><datafield ind1=" " ind2=" " tag="052"><subfield code="a">4144</subfield><subfield code="b">L28</subfield></datafield><datafield ind1=" " ind2=" " tag="052"><subfield code="a">4143</subfield><subfield code="b">B2</subfield></datafield><datafield ind1="0" ind2="0" tag="245"><subfield code="a">Becker County journal.</subfield></datafield><datafield ind1=" " ind2=" " tag="260"><subfield code="a">Lake Park, Becker County, Minn. :</subfield><subfield code="b">A.B. Demo,</subfield><subfield code="c">1922-1927.</subfield></datafield><datafield ind1=" " ind2=" " tag="300"><subfield code="a">6 v.</subfield></datafield><datafield ind1=" " ind2=" " tag="310"><subfield code="a">Weekly</subfield></datafield><datafield ind1="0" ind2=" " tag="362"><subfield code="a">Vol. 25, no. 43 (Nov. 9, 1922)-v. 30, no. 34 (Aug. 25, 1927).</subfield></datafield><datafield ind1=" " ind2=" " tag="530"><subfield code="a">Available on microfilm from the Minnesota Historical Society.</subfield></datafield><datafield ind1=" " ind2="0" tag="651"><subfield code="a">Lake Park (Minn.)</subfield><subfield code="v">Newspapers.</subfield></datafield><datafield ind1=" " ind2="7" tag="655"><subfield code="a">Newspapers.</subfield><subfield code="2">fast</subfield><subfield code="0">(OCoLC)fst01423814</subfield></datafield><datafield ind1=" " ind2="7" tag="651"><subfield code="a">Minnesota</subfield><subfield code="z">Lake Park.</subfield><subfield code="2">fast</subfield><subfield code="0">(OCoLC)fst01254515</subfield></datafield><datafield ind1=" " ind2=" " tag="752"><subfield code="a">United States</subfield><subfield code="b">Minnesota</subfield><subfield code="c">Becker</subfield><subfield code="d">Lake Park.</subfield></datafield><datafield ind1="0" ind2="4" tag="780"><subfield code="t">Organized farmer</subfield></datafield><datafield ind1="0" ind2="4" tag="780"><subfield code="t">Ogema news</subfield><subfield code="w">(DLC)sn 89064713</subfield></datafield><datafield ind1="0" ind2="0" tag="785"><subfield code="t">Lake Park journal</subfield><subfield code="x">1063-7036</subfield><subfield code="w">(DLC)sn 8964712</subfield><subfield code="w">(DLC)sn 89064712</subfield></datafield></record>